@misc{mergesort,
    author = "Rextester",
    title  = "Pascal merge sort",
    note = {Disponível em: \url{http://rextester.com/GHRH16649}. Acessado 12 de março de 2018}
}

@misc{quicksort,
    author = "Mississipi College",
    title  = "Pascal quick sort",
    note = {Disponível em: \url{http://sandbox.mc.edu/~bennet/cs404/doc/qsort_pas.html}. Acessado 12 de março de 2018},
}

@misc{factorial,
    author = "Rextester",
    title  = "Pascal factorial",
    note = {Disponível em: \url{http://rextester.com/UXP1971}. Acessado 12 de março de 2018}
}

@misc{lexical,
    author = "Jinank Jain",
    title  = "Lexical Analyzer for C written in lex",
    note = {Disponível em: \url{https://github.com/jinankjain/Lexical-Analyzer-for-C}. Acessado 12 de março de 2018}
}
